@article{bui2015analysis,
  title={Analysis of Docker Security},
  author={Bui, Thanh},
  journal={arXiv preprint arXiv:1501.02967},
  year={2015}
}

@article{felter2014updated,
  title={An Updated Performance Comparison of Virtual Machines and Linux Containers},
  author={Felter, Wes and Ferreira, Alexandre and Rajamony, Ram and Rubio, Juan},
  journal={technology},
  volume={28},
  pages={32},
  year={2014}
}

@article{padala2007performance,
  title={Performance evaluation of virtualization technologies for server consolidation},
  author={Padala, Pradeep and Zhu, Xiaoyun and Wang, Zhikui and Singhal, Sharad and Shin, Kang G and others},
  journal={HP Labs Tec. Report},
  year={2007}
}

@inproceedings{regola2010recommendations,
  title={Recommendations for virtualization technologies in high performance computing},
  author={Regola, Nathan and Ducom, J-C},
  booktitle={Cloud Computing Technology and Science (CloudCom), 2010 IEEE Second International Conference on},
  pages={409--416},
  year={2010},
  organization={IEEE}
}

@ONLINE{Docker:2015:understanding,
author = {Docker},
title = {Understanding Docker},
month = may,
year = {2015},
url = {https://docs.docker.com/introduction/understanding-docker/}
}

@ONLINE{Redhat:2015:Online,
author = {Docker},
title = {7.2. ADVANTAGES OF USING DOCKER},
month = mayo,
year = {2015},
url = {https://access.redhat.com/documentation/en-US/Red_Hat_Enterprise_Linux/7/html/7.0_Release_Notes/sect-Red_Hat_Enterprise_Linux-7.0_Release_Notes-Linux_Containers_with_Docker_Format-Advantages_of_Using_Docker.html}
}


@ONLINE{Docker:2015:Online,
author = {Docker},
title = {Use cases},
month = abril,
year = {2015},
url = {https://www.docker.com/resources/usecases/}

}

@ONLINE{LVM:2015:Online,
author = {LVM},
title = {PID namespaces in the 2.6.24 kernel},
month = mayo,
year = {2015},
url = {http://lwn.net/Articles/259217/}
}


@ONLINE{walsh:2014:Online,
author = {Daniel Walsh},
title = {Bringing new security features to Docker},
month = {sep},
year = {2014},
url = {https://opensource.com/business/14/9/security-for-docker },
urldate = {2015-05-08}
}

@ONLINE{rudenberg:2015:Online,
author = {Jonanthan Rudenberg},
title = {Docker Image Insecurity},
month = {Dic},
year = {2014},
url = {https://titanous.com/posts/docker-insecurity#fn:0},
urldate = {2015-05-08}
}

@ONLINE{jay:2014:Online,
author = {Trevor Jay},
title = {Before you initiate a "docker pull"},
month = {Dic},
year = {2014},
url = {https://securityblog.redhat.com/2014/12/18/before-you-initiate-a-docker-pull/},
urldate = {2015-05-08}
}


@article{merkel2014docker,
  title={Docker: lightweight linux containers for consistent development and deployment},
  author={Merkel, Dirk},
  journal={Linux Journal},
  volume={2014},
  number={239},
  pages={2},
  year={2014},
  publisher={Belltown Media}
}
@article{marmolnetworking,
  title={Networking in Containers and Container Clusters},
  author={Marmol, Victor and Jnagal, Rohit and Hockin, Tim}
}

@article{fernandez_monge:2015,
year={2015},
issn={0947-3602},
journal={Requirements Engineering},
doi={10.1007/s00766-014-0218-7},
title={Building a security reference architecture for cloud systems},
url={http://dx.doi.org/10.1007/s00766-014-0218-7},
publisher={Springer London},
keywords={Security reference architecture; Security patterns; Reference architecture; Security requirements; Secure software development; Cloud computing; IaaS security},
author={Fernandez, EduardoB. and Monge, Raul and Hashizume, Keiko},
pages={1-25},
language={English}
}

@ONLINE{lvm-cve:2014:Online,
author = {LVM},
title = {docker-io: multiple vulnerabilities},
month = {Dic},
year = {2014},
url = {http://lwn.net/Articles/626414/},
urldate = {2015-05-08}
}

@ONLINE{nyantec:2015:Online,
author = {nyantec},
title = {Docker networking considered harmful},
month = {Mar},
year = {2015},
url = {https://nyantec.com/en/2015/03/20/docker-networking-considered-harmful/},
urldate = {2015-05-08}
}


